@article{sorensen92,
	title={Implicit application of polynomial filters in a k-step Arnoldi method},
	author={Sorensen, Danny C},
	journal={Siam journal on matrix analysis and applications},
	volume={13},
	number={1},
	pages={357--385},
	year={1992},
	publisher={SIAM},
}

@article{arnoldi51,
	title={The principle of minimized iterations in the solution of the matrix eigenvalue problem},
	author={Arnoldi, Walter Edwin},
	journal={Quarterly of applied mathematics},
	volume={9},
	number={1},
	pages={17--29},
	year={1951},
}

@article{lanczos50,
	title={An iteration method for the solution of the eigenvalue problem of linear differential and integral operators},
	author={Lanczos, Cornelius},
	year={1950},
	publisher={United States Governm. Press Office Los Angeles, CA},
}

@book{arpack98,
	title={ARPACK users' guide: solution of large-scale eigenvalue problems with implicitly restarted Arnoldi methods},
	author={Lehoucq, Richard B and Sorensen, Danny C and Yang, Chao},
	year={1998},
	publisher={SIAM},
}

@article{saad82,
	title={The Lanczos biorthogonalization algorithm and other oblique projection methods for solving large unsymmetric systems},
	author={Saad, Yousef},
	journal={SIAM Journal on Numerical Analysis},
	volume={19},
	number={3},
	pages={485--506},
	year={1982},
	publisher={SIAM}
}

@book{rutihauser91,
	title={Lectures on Numerical Mathematics},
	author={Heinz Rutihauser},
	year={1990},
	publisher={Birkhauser},
}

@article{rutishauser58,
	title={Solution of eigenvalue problems with the LR-transformation},
	author={Rutishauser, Heinz},
	journal={National Bureau of Standards, Applied Mathematics Series},
	volume={49},
	pages={47--81},
	year={1958}
}

@article{rutishauser63,
	title={TheLR transformation method for symmetric matrices},
	author={Rutishauser, H and Schwarz, HR},
	journal={Numerische Mathematik},
	volume={5},
	number={1},
	pages={273--289},
	year={1963},
	publisher={Springer}
}

@book{saad11,
	author = {Saad, Yousef},
	title = {Numerical Methods for Large Eigenvalue Problems},
	publisher = {Society for Industrial and Applied Mathematics},
	year = {2011},
	doi = {10.1137/1.9781611970739},
	address = {},
	edition   = {},
}

@article{gutknecht97,
	title={Lanczos-type solvers for nonsymmetric linear systems of equations},
	author={Gutknecht, Martin H},
	journal={Acta numerica},
	volume={6},
	pages={271--397},
	year={1997},
	publisher={Cambridge University Press}
}

@article{delladora75,
	title = {Numerical linear algorithms and group theory},
	journal = {Linear Algebra and its Applications},
	volume = {10},
	number = {3},
	pages = {267-283},
	year = {1975},
	issn = {0024-3795},
	doi = {10.1016/0024-3795(75)90074-9},
	author = {J. Della-Dora},
}

@article{watkins91,
	author = {Watkins, D. S. and Elsner, L.},
	title = {Chasing Algorithms for the Eigenvalue Problem},
	journal = {SIAM Journal on Matrix Analysis and Applications},
	volume = {12},
	number = {2},
	pages = {374-384},
	year = {1991},
	doi = {10.1137/0612027},
}

@article{francis61,
	author = {Francis, J. G. F.},
	title = "{The QR Transformation A Unitary Analogue to the LR Transformation—Part 1}",
	journal = {The Computer Journal},
	volume = {4},
	number = {3},
	pages = {265-271},
	year = {1961},
	month = {01},
	issn = {0010-4620},
	doi = {10.1093/comjnl/4.3.265},
}

@article{francis62,
	author = {Francis, J. G. F.},
	title = "{The QR Transformation—Part 2}",
	journal = {The Computer Journal},
	volume = {4},
	number = {4},
	pages = {332-345},
	year = {1962},
	month = {01},
	issn = {0010-4620},
	doi = {10.1093/comjnl/4.4.332},
}

@article{rahkola17, 
	title={Stability and sensitivity of a cross-flow-dominated Falkner–Skan–Cooke boundary layer with discrete surface roughness}, 
	volume={826}, 
	doi={10.1017/jfm.2017.466}, 
	journal={Journal of Fluid Mechanics}, 
	publisher={Cambridge University Press}, 
	author={Brynjell-Rahkola, Mattias and Shahriari, Nima and Schlatter, Philipp and Hanifi, Ardeshir and Henningson, Dan S.}, 
	year={2017}, 
	pages={830–850}
}

@article{parlett85,
	ISSN = {00255718, 10886842},
	doi = {10.2307/2007796},
	author = {Beresford N. Parlett and Derek R. Taylor and Zhishun A. Liu},
	journal = {Mathematics of Computation},
	number = {169},
	pages = {105--124},
	publisher = {American Mathematical Society},
	title = {A Look-Ahead Lanczos Algorithm for Unsymmetric Matrices},
	urldate = {2023-02-05},
	volume = {44},
	year = {1985}
}


%%%
@Article{KoMa14,
  title =	 {An Adaptive Shifted Power Method for Computing
                  Generalized Tensor Eigenpairs},
  author =	 {Tamara G. Kolda and Jackson R. Mayo},
  doi =		 {10.1137/140951758},
  journal =	 {SIAM Journal on Matrix Analysis and Applications},
  number =	 4,
  volume =	 35,
  year =	 2014,
  month =	 dec,
  pages =	 {1563--1581},
}

@Misc{siam,
  key = {zzz},
  title =	 {{SIAM} Style Manual: For journals and books},
  year =	 2013,
url = {https://www.siam.org/journals/pdf/stylemanual.pdf}}

@Misc{Hi14,
  author =	 {Nick Higham},
  title =	 {A Call for Better Indexes},
  howpublished = {SIAM Blogs},
  year =	 2014,
  month =	 nov,
  url =		 {http://blogs.siam.org/a-call-for-better-indexes/},
  urldate =	 {2015-04-05}
}

@Misc{PeKoPi14,
  title = {Accelerating Community Detection by Using {K}-core Subgraphs},
  author =	 {Chengbin Peng and Tamara G. Kolda and Ali Pinar},
  eprint =	 {1403.2226},
  year =	 2014,
  month =	 mar,
  eprintclass =	 {math.NA}
}


@Article{WoZhMeSh05,
  author =	 {Woessner, Donald E. and Zhang, Shanrong and
                  Merritt, Matthew E. and Sherry, A. Dean},
  title = {Numerical Solution of the {Bloch} Equations Provides Insights 
                  into the Optimum Design of {PARACEST} Agents for {MRI}},
  journal =	 {Magnetic Resonance in Medicine},
  doi =		 {10.1002/mrm.20408},
  volume =	 53,
  number =	 4,
  month =	 apr,
  year =	 2005,
  pages =	 {790--799},
  archiveprefix = {PubMed},
  archive =	 {https://www.ncbi.nlm.nih.gov/pubmed},
  eprint =	 {15799055}
}

@Article{Ne03,
  title =	 {Properties of Highly Clustered Networks},
  author =	 {Newman, M. E. J.},
  doi =		 {10.1103/PhysRevE.68.026121},
  journal =	 {Phys. Rev. E},
  volume =	 {68},
  year =	 {2003},
  eid =		 {026121},
  pagetotal =	 6,
  month =	 aug,
}

@misc{clawpack,
  title =	 {Clawpack Software},
  author =	 {{Clawpack Development Team}},
  url =		 {http://www.clawpack.org},
  urldate =	 {2015/05/14},
  note =	 {Version 5.2.2},
  year =	 2015
}

@Misc{AMSMSC2010,
  title =	 {{Mathematics Subject Classification}},
  author =	 {{American Mathematical Society}},
  year =	 {2010},
  url =		 {https://mathscinet.ams.org/mathscinet/msc/msc2010.html},
  urldate =	 {2021/02/08},
}


@book{La86,
  author =	 "Leslie Lamport",
  title =	 "\LaTeX: A Document Preparation System",
  publisher =	 "Addison--Wesley",
  year =	 "1986",
  address =	 "Reading, MA"
}

@Book{MiGo04,
  author =	 {Frank Mittlebach and Michel Goossens},
  title =	 {The \LaTeX\ Companion},
  publisher =	 {Addison--Wesley},
  year =	 2004,
  edition =	 {2nd}}

@Book{GoVa13,
  author =	 {Golub, Gene H. and Van Loan, Charles F.},
  title =	 {Matrix Computations},
  publisher =	 {The Johns Hopkins University Press},
  address =	 {Baltimore},
  year =	 2013,
  edition =	 {4th}
}


@Misc{CalcI,
  author =	 {Paul Dawkins},
  title =	 {Paul's Online Math Notes: Calculus {I} --- Notes},
  url =               {http://tutorial.math.lamar.edu/Classes/CalcI/MeanValueTheorem.aspx},
  urldate =	 {2015-07-08}}

@Misc{amsmath,
  author =	 {{American Mathematical Society}},
  title =	 {User's Guide for the \texttt{amsmath} Package
                  (Version 2.0)},
  url =		 {ftp://ftp.ams.org/pub/tex/doc/amsmath/amsldoc.pdf},
  urldate =	 {2015-07-30},
  year =	 2002}

@Misc{shortmath,
  author =	 {Michael Downes},
  title =	 {Short Math Guide for {\LaTeX}},
  url =		 {ftp://ftp.ams.org/pub/tex/doc/amsmath/short-math-guide.pdf},
  urldate =	 {2015-07-30},
  year =	 2002}

@Misc{pgfplots,
  author =	 {Christian Feuers\"anger},
  title =	 {Manual for Package \texttt{PGFPLOTS}},
  month =	 may,
  year =	 2015,
  url =		 {http://sourceforge.net/projects/pgfplots}
}

